%% This BibTeX bibliography file was created using BibDesk.
%% http://bibdesk.sourceforge.net/

%% Saved with string encoding Unicode (UTF-8) 


@book{KnutThea2009,
title = {The art of computer programming / Donald E. Knuth: Combinatorial algorithms Fasc. 1: Bitwise tricks \& techniques : binary decision diagrams},
author = {Donald Ervin Knuth},
publisher = {Addison-Wesley},
address = {Upper Saddle River, NJ [u.a.]},
year = {2009},
keywords = {Permutation},
ISBN = {0321580508 and 9780321580504 and 9780321580504},
}



%%Workaround für Webseiten mit apalike-german
@misc{mf2005,
  title = {{MS Windows NT} Kernel Description},
  howpublished = {[online] \url{http://www.808multimedia.com/winnt/kernel.html}},
  note = {Abgerufen am: 2013-09-30},
  Author = {Musterfrau, Maxi},
  Language = {de},
  Month = {Dezember},
  Year = {2012},
  Timestamp = {2009.12.29}
}

%%Für Webseiten mit IEEE (IEEEtran) 
@electronic{mf2004,
  title = {{MS Windows NT} Kernel Description},
  url = {http://www.808multimedia.com/winnt/kernel.html},
  note = {Accessed on: Nov. 2, 2017},
  Author = {Musterfrau, Maxi},
  Language = {de},
  Month = {December},
  Year = {2012},
  Timestamp = {2009.12.29}
}

%example with all possible parameters
@book{example00,
    address = {address of the publisher or the institution},
    annote =  {an annotation},
    author =  {list of authors of the work},
    booktitle =  {title of the book},
    chapter =  {number of a chapter in a book},
    edition =  {edition number of a book},
    howpublished =  {a publication notice for unusual publications},
    institution =  {name of the institution that published and/or sponsored the report},
    journal =  {name of the journal or magazine the article was published in},
    month =  {the month during the work was published},
    note =  {notes about the reference},
    organization =  {name of the institution that organized or sponsored the conference or that published the manual},
    pages =  {page numbers or a page range},
    publisher =  {name of the publisher},
    school =  {name of the university or degree awarding institution},
    series =  {name of the series or set of books},
    title =  {title of the work},
    type =  {type of the technical report or thesis},
    volume =  {volume number},
    year =  {year the work was published},
    url = {url; only for IEEEtrans} 
	}
 
